@article{Rakotoarivelo2010:OCM:1713254.1713267,
 key={1},
 author = {Rakotoarivelo, Thierry and Ott, Maximilian and Jourjon, Guillaume and Seskar, Ivan},
 title = {{OMF}: {A} {C}ontrol and {M}anagement {F}ramework for {N}etworking {T}estbeds},
 journal = {SIGOPS Oper. Syst. Rev.},
 issue_date = {January 2010},
 volume = {43},
 number = {4},
 month = jan,
 year = {2010},
 issn = {0163-5980},
 pages = {54--59},
 numpages = {6},
 url = {http://doi.acm.org/10.1145/1713254.1713267},
 doi = {10.1145/1713254.1713267},
 acmid = {1713267},
 publisher = {ACM},
 address = {New York, NY, USA},
}

@misc{OMFExecutiveSummary,
  key          = {2},
  author       = {Christoph \href{https://omf.mytestbed.net/users/13}{Dwertmann} and
               Thierry \href{https://omf.mytestbed.net/users/6}{Rakotoarivelo}},
  title        = {About {OMF} - {A}n {E}xecutive {S}ummary},
  howpublished = {\url{https://omf.mytestbed.net/projects/omf/wiki/Introduction}},
}

@misc{rossettoceunaterra,
  key = {3},
  title={Ceu{N}a{T}erra: testbed para espa{\c{c}}os inteligentes},
  author={Rossetto, Silvana and Silvestre, Bruno and Rodriguez, Noemi and Branco, Adriano and Kaplan, Leonardo and Lopes, Ian and Boing, Miguel and Santana, Douglas and Lima, Vinicius and Gabrich, Raul and others},
  institution = {UFRJ and UFG and PUC-Rio},
  year = 2015,
  url = {http://sbrc2015.ufes.br/wp-content/uploads/b-139668_1.pdf},
  howpublished = {\url{http://sbrc2015.ufes.br/wp-content/uploads/b-139668_1.pdf}},
}

@techreport{ceu.tr,
  key = {4},
  author = {Francisco Sant'Anna and others},
  title  = {C\'eu: {E}mbedded, {S}afe, and {R}eactive {P}rogramming},
  institution = {PUC-Rio},
  year   = 2012,
  number = {12/12},
  issn = {0103-9741},
  url = {ftp://ftp.inf.puc-rio.br/pub/docs/techreports/12_12_santanna.pdf},
}

@article{Branco:2015:TFS:2782756.2811267,
  key = {5},
  author = {Branco, Adriano and Sant'anna, Francisco and Ierusalimschy, Roberto and Rodriguez, Noemi and Rossetto, Silvana},
  title = {Terra: {F}lexibility and {S}afety in {W}ireless {S}ensor {N}etworks},
  journal = {ACM Trans. Sen. Netw.},
  issue_date = {December 2015},
  volume = {11},
  number = {4},
  month = sep,
  year = {2015},
  issn = {1550-4859},
  pages = {59:1--59:27},
  articleno = {59},
  numpages = {27},
  url = {http://doi.acm.org/10.1145/2811267},
  doi = {10.1145/2811267},
  acmid = {2811267},
  publisher = {ACM},
  address = {New York, NY, USA},
  keywords = {WSN, reactive programming, safety, virtual machine, wireless sensor networks},
} 

@misc{OEDL,
  key          = {6},
  author       = {Thierry \href{https://omf.mytestbed.net/users/6}{Rakotoarivelo} and
               Christoph \href{https://omf.mytestbed.net/users/13}{Dwertmann} and
               Jack \href{https://omf.mytestbed.net/users/33}{Hong}},
  title        = {The {OMF} {E}xperiment {D}escription {L}anguage ({OEDL})},
  howpublished = {\url{https://mytestbed.net/projects/omf6/wiki/OEDLOMF6}},
}

@misc{omf.ec,
  key          = {7},
  title        = {Experiment {C}ontroller ({EC})},
  howpublished = {\url{http://mytestbed.net/doc/omf/file.experiment_controller.html}},
}

@misc{omf.rc,
  key          = {8},
  title        = {Resource {C}ontroller ({RC})},
  howpublished = {\url{http://mytestbed.net/doc/omf/file.resource_controller.html}},
}

@misc{frcp,
  key          = {9},
  title        = {Federated {R}esource {C}ontrol {P}rotocol ({FRCP})},
  author       = {Thierry \href{https://omf.mytestbed.net/users/6}{Rakotoarivelo}},
  howpublished = {\url{https://github.com/mytestbed/specification/blob/master/FRCP.md}},
}

@misc{oasis2012advanced,
  key = {A},
  added-at = {2013-01-14T13:56:18.000+0100},
  author = {OASIS},
  biburl = {http://www.bibsonomy.org/bibtex/2b0b0d48cc2254e62b9b15110aa84ea95/flrnb},
  editor = {Godfrey, Robert and Ingham, David and Schloming, Rafael},
  interhash = {abed552c6901a1a994e1e99f55e6a0f5},
  intrahash = {b0b0d48cc2254e62b9b15110aa84ea95},
  keywords = {amqp},
  timestamp = {2013-01-14T13:56:18.000+0100},
  title = {Advanced {M}essage {Q}ueuing {P}rotocol ({AMQP}) {V}ersion 1.0},
  url = {http://docs.oasis-open.org/amqp/core/v1.0/amqp-core-complete-v1.0.pdf},
  howpublished = {\url{http://docs.oasis-open.org/amqp/core/v1.0/amqp-core-complete-v1.0.pdf}},
  year = 2012,
}

@misc{rabbitmq.c,
  key = {B}, 
  author = {Alan \href{https://github.com/alanxz}{Antonuk}},
  title = {Rabbit{MQ} {C} {AMQP} client library},
  year = {2016},
  publisher = {GitHub},
  journal = {Git{H}ub repository},
  howpublished = {\url{https://github.com/alanxz/rabbitmq-c}},
  commit = {caad0ef1533783729c7644a226c989c79b4c497b},
}

@misc{ceu.rabbitmq,
  key = {C}, 
  author = {Carlos \href{https://github.com/calmattoso}{Mattoso}},
  title = {C\'eu {R}abbit{MQ} - {C}\'eu {API} for {R}abbit{MQ}},
  year = {2016},
  publisher = {GitHub},
  journal = {Git{H}ub repository},
  howpublished = {\url{https://github.com/calmattoso/ceu-rabbitmq}},
  commit = {ad7f7a2e624d1e5d8ae259385d55e2d949899abc},
}